@book{VANDONGEN2012,
	address = {Berlin, Heidelberg},
	series = {X.media.publishing},
	title = {{LaTeX} and {Friends}},
	copyright = {https://www.springernature.com/gp/researchers/text-and-data-mining},
	isbn = {978-3-642-23815-4 978-3-642-23816-1},
	url = {https://link.springer.com/10.1007/978-3-642-23816-1},
	language = {en},
	urldate = {2024-08-26},
	publisher = {Springer Berlin Heidelberg},
	author = {Van Dongen, M. R. C.},
	year = {2012},
	doi = {10.1007/978-3-642-23816-1},
	file = {Van Dongen - 2012 - LaTeX and Friends.pdf:/Users/rral/Zotero/storage/CQ43X4QU/Van Dongen - 2012 - LaTeX and Friends.pdf:application/pdf},
}

@book{GRATZER2007,
	address = {New York},
	edition = {4. ed},
	title = {More {Math} into {LATEX}},
	isbn = {978-0-387-32289-6},
	language = {en},
	publisher = {Springer},
	author = {Grätzer, George},
	year = {2007},
	file = {Grätzer - 2007 - More Math into LATEX.pdf:/Users/rral/Zotero/storage/CHJYH42V/Grätzer - 2007 - More Math into LATEX.pdf:application/pdf},
}

@book{DATTA2017,
	address = {Cham},
	title = {{LaTeX} in 24 {Hours}},
	copyright = {http://www.springer.com/tdm},
	isbn = {978-3-319-47830-2 978-3-319-47831-9},
	url = {http://link.springer.com/10.1007/978-3-319-47831-9},
	language = {en},
	urldate = {2024-08-26},
	publisher = {Springer International Publishing},
	author = {Datta, Dilip},
	year = {2017},
	doi = {10.1007/978-3-319-47831-9},
	file = {Datta - 2017 - LaTeX in 24 Hours.pdf:/Users/rral/Zotero/storage/5YNWMZ9C/Datta - 2017 - LaTeX in 24 Hours.pdf:application/pdf},
}

@book{BORBONA.2010a,
	title = {Edición de textos científicos {LATEX}},
	isbn = {978-9977-66-227-5},
	url = {https://tecdigital.tec.ac.cr/revistamatematica/Libros/LATEX/LaTeX_2013.pdf},
	urldate = {2024-08-26},
	publisher = {Instituto Tecnológico de Costa Rica},
	author = {Borbón A., Alexánder and Mora F., Walter},
	month = oct,
	year = {2017},
	doi = {10.18845/et.eb227},
	file = {Borbón A._Mora F._2017_Edición de textos científicos LATEX.pdf:/Users/rral/Zotero/storage/U5G2EHA6/Borbón A._Mora F._2017_Edición de textos científicos LATEX.pdf:application/pdf},
}
